@article{marjoram2013approximation,
  title={Approximation bayesian computation},
  author={Marjoram, Paul},
  journal={OA Genetics},
  volume={1},
  number={3},
  pages={853},
  year={2013},
  publisher={NIH Public Access}
}

@article{haerty2010low,
  title={Low-complexity sequences and single amino acid repeats: not just “junk” peptide sequences},
  author={Haerty, Wilfried and Golding, G Brian},
  journal={Genome},
  volume={53},
  number={10},
  pages={753--762},
  year={2010}
}

@article{marcotte1999census,
  title={A census of protein repeats},
  author={Marcotte, Edward M and Pellegrini, Matteo and Yeates, Todd O and Eisenberg, David},
  journal={Journal of Molecular Biology},
  volume={293},
  number={1},
  pages={151--160},
  year={1999},
  publisher={Elsevier}
}

@article{coletta2010low,
  title={Low-complexity regions within protein sequences have position-dependent roles},
  author={Coletta, Alain and Pinney, John W and Solis, David Y Weiss and Marsh, James and Pettifer, Steve R and Attwood, Teresa K},
  journal={BMC Systems Biology},
  volume={4},
  number={1},
  pages={1--13},
  year={2010},
  publisher={Springer}
}

@article{bannen2007effect,
  title={Effect of low-complexity regions on protein structure determination},
  author={Bannen, Ryan M and Bingman, Craig A and Phillips, George N},
  journal={Journal of Structural and Functional Genomics},
  volume={8},
  number={4},
  pages={217--226},
  year={2007},
  publisher={Springer}
}

@article{wootton1993statistics,
  title={Statistics of local complexity in amino acid sequences and sequence databases},
  author={Wootton, John C and Federhen, Scott},
  journal={Computers \& Chemistry},
  volume={17},
  number={2},
  pages={149--163},
  year={1993},
  publisher={Elsevier}
}

@article{mier2020disentangling,
  title={Disentangling the complexity of low complexity proteins},
  author={Mier, Pablo and Paladin, Lisanna and Tamana, Stella and Petrosian, Sophia and Hajdu-Solt{\'e}sz, Borb{\'a}la and Urbanek, Annika and Gruca, Aleksandra and Plewczynski, Dariusz and Grynberg, Marcin and Bernad{\'o}, Pau and others},
  journal={Briefings in Bioinformatics},
  volume={21},
  number={2},
  pages={458--472},
  year={2020},
  publisher={Oxford University Press}
}

@article{kruglyak2000distribution,
  title={Distribution and abundance of microsatellites in the yeast genome can be explained by a balance between slippage events and point mutations},
  author={Kruglyak, Semyon and Durrett, Richard and Schug, Malcolm D and Aquadro, Charles F},
  journal={Molecular Biology and Evolution},
  volume={17},
  number={8},
  pages={1210--1219},
  year={2000},
  publisher={Oxford University Press}
}

@article{huntley2006selection,
  title={Selection and slippage creating serine homopolymers},
  author={Huntley, Melanie A and Golding, G Brian},
  journal={Molecular Biology and Evolution},
  volume={23},
  number={11},
  pages={2017--2025},
  year={2006},
  publisher={Oxford University Press}
}

@article{huntley2002simple,
  title={Simple sequences are rare in the Protein Data Bank},
  author={Huntley, Melanie A and Golding, G Brian},
  journal={Proteins: Structure, Function, and Bioinformatics},
  volume={48},
  number={1},
  pages={134--140},
  year={2002},
  publisher={Wiley Online Library}
}

@article{battistuzzi2016profiles,
  title={Profiles of low complexity regions in Apicomplexa},
  author={Battistuzzi, Fabia U and Schneider, Kristan A and Spencer, Matthew K and Fisher, David and Chaudhry, Sophia and Escalante, Ananias A},
  journal={BMC Evolutionary Biology},
  volume={16},
  number={1},
  pages={1--12},
  year={2016},
  publisher={Springer}
}

@article{shannon1948mathematical,
  title={A mathematical theory of communication},
  author={Shannon, Claude Elwood},
  journal={The Bell System Technical Journal},
  volume={27},
  number={3},
  pages={379--423},
  year={1948},
  publisher={Nokia Bell Labs}
}

@article{kruglyak1998equilibrium,
  title={Equilibrium distributions of microsatellite repeat length resulting from a balance between slippage events and point mutations},
  author={Kruglyak, Semyon and Durrett, Richard T and Schug, Malcolm D and Aquadro, Charles F},
  journal={Proceedings of the National Academy of Sciences},
  volume={95},
  number={18},
  pages={10774--10778},
  year={1998},
  publisher={National Acad Sciences}
}

@article{newfeld1994drive,
  title={Drive-selection equilibrium: homopolymer evolution in the Drosophila gene mastermind},
  author={Newfeld, Stuart J and Tachida, Hidenori and Yedvobnick, Barry},
  journal={Journal of Molecular Evolution},
  volume={38},
  number={6},
  pages={637--641},
  year={1994},
  publisher={Springer}
}

@article{newfeld1991interspecific,
  title={Interspecific comparison of the unusually repetitiveDrosophila locusmastermind},
  author={Newfeld, Stuar J and Smoller, David A and Yedvobnick, Barry},
  journal={Journal of Molecular Evolution},
  volume={32},
  number={5},
  pages={415--420},
  year={1991},
  publisher={Springer}
}

@article{huntley2000evolution,
  title={Evolution of simple sequence in proteins},
  author={Huntley, Melanie and Golding, G Brian},
  journal={Journal of Molecular Evolution},
  volume={51},
  number={2},
  pages={131--140},
  year={2000},
  publisher={Springer}
}

@article{ellegren2004microsatellites,
  title={Microsatellites: simple sequences with complex evolution},
  author={Ellegren, Hans},
  journal={Nature Reviews Genetics},
  volume={5},
  number={6},
  pages={435--445},
  year={2004},
  publisher={Nature Publishing Group}
}

@article{depristo2006abundance,
  title={On the abundance, amino acid composition, and evolutionary dynamics of low-complexity regions in proteins},
  author={DePristo, Mark A and Zilversmit, Martine M and Hartl, Daniel L},
  journal={Gene},
  volume={378},
  pages={19--30},
  year={2006},
  publisher={Elsevier}
}

@article{wright2015intrinsically,
  title={Intrinsically disordered proteins in cellular signalling and regulation},
  author={Wright, Peter E and Dyson, H Jane},
  journal={Nature Reviews Molecular Cell Biology},
  volume={16},
  number={1},
  pages={18--29},
  year={2015},
  publisher={Nature Publishing Group}
}

@article{dunker2002intrinsic,
  title={Intrinsic disorder and protein function},
  author={Dunker, A Keith and Brown, Celeste J and Lawson, J David and Iakoucheva, Lilia M and Obradovi{\'c}, Zoran},
  journal={Biochemistry},
  volume={41},
  number={21},
  pages={6573--6582},
  year={2002},
  publisher={ACS Publications}
}

@article{gardner2002genome,
  title={Genome sequence of the human malaria parasite Plasmodium falciparum},
  author={Gardner, Malcolm J and Hall, Neil and Fung, Eula and White, Owen and Berriman, Matthew and Hyman, Richard W and Carlton, Jane M and Pain, Arnab and Nelson, Karen E and Bowman, Sharen and others},
  journal={Nature},
  volume={419},
  number={6906},
  pages={498--511},
  year={2002},
  publisher={Nature Publishing Group}
}

@article{ross1993genes,
  title={Genes with triplet repeats: candidate mediators of neuropsychiatric disorders},
  author={Ross, Christopher A and McInnis, Melvin G and Margolis, Russell L and Li, Shi-Hua},
  journal={Trends in Neurosciences},
  volume={16},
  number={7},
  pages={254--260},
  year={1993},
  publisher={Elsevier}
}

@article{everett2004trinucleotide,
  title={Trinucleotide repeats and neurodegenerative disease},
  author={Everett, CM and Wood, NW},
  journal={Brain},
  volume={127},
  number={11},
  pages={2385--2405},
  year={2004},
  publisher={Oxford University Press}
}

@article{verstrepen2005intragenic,
  title={Intragenic tandem repeats generate functional variability},
  author={Verstrepen, Kevin J and Jansen, An and Lewitter, Fran and Fink, Gerald R},
  journal={Nature Genetics},
  volume={37},
  number={9},
  pages={986--990},
  year={2005},
  publisher={Nature Publishing Group}
}

@article{kumari2015low,
  title={Low complexity and disordered regions of proteins have different structural and amino acid preferences},
  author={Kumari, Bandana and Kumar, Ravindra and Kumar, Manish},
  journal={Molecular BioSystems},
  volume={11},
  number={2},
  pages={585--594},
  year={2015},
  publisher={Royal Society of Chemistry}
}

@article{karlin2002amino,
  title={Amino acid runs in eukaryotic proteomes and disease associations},
  author={Karlin, Samuel and Brocchieri, Luciano and Bergman, Aviv and Mr{\'a}zek, Jan and Gentles, Andrew J},
  journal={Proceedings of the National Academy of Sciences},
  volume={99},
  number={1},
  pages={333--338},
  year={2002},
  publisher={National Acad Sciences}
}

@article{bayliss2001simple,
  title={The simple sequence contingency loci of Haemophilus influenzae and Neisseria meningitidis},
  author={Bayliss, Christopher D and Field, Dawn and Moxon, E Richard and others},
  journal={The Journal of Clinical Investigation},
  volume={107},
  number={6},
  pages={657--666},
  year={2001},
  publisher={Am Soc Clin Investig}
}

@article{levinson1987slipped,
  title={Slipped-strand mispairing: a major mechanism for DNA sequence evolution.},
  author={Levinson, Gene and Gutman, George A},
  journal={Molecular Biology and Evolution},
  volume={4},
  number={3},
  pages={203--221},
  year={1987}
}

@article{mirkin2007expandable,
  title={Expandable DNA repeats and human disease},
  author={Mirkin, Sergei M},
  journal={Nature},
  volume={447},
  number={7147},
  pages={932--940},
  year={2007},
  publisher={Nature Publishing Group}
}

@article{brinkmann1998mutation,
  title={Mutation rate in human microsatellites: influence of the structure and length of the tandem repeat},
  author={Brinkmann, Bernd and Klintschar, Michael and Neuhuber, Franz and H{\"u}hne, Julia and Rolf, Burkhard},
  journal={The American Journal of Human Genetics},
  volume={62},
  number={6},
  pages={1408--1415},
  year={1998},
  publisher={Elsevier}
}

@article{ohta1973model,
  title={A model of mutation appropriate to estimate the number of electrophoretically detectable alleles in a finite population},
  author={Ohta, Tomoko and Kimura, Motoo},
  journal={Genetics Research},
  volume={22},
  number={2},
  pages={201--204},
  year={1973},
  publisher={Cambridge University Press}
}

@book{kimura1983neutral,
  title={The neutral theory of molecular evolution},
  author={Kimura, Motoo},
  year={1983},
  publisher={Cambridge University Press}
}

@incollection{NEVO2001662,
title = {Genetic Diversity},
editor = {Simon A Levin},
booktitle = {Encyclopedia of Biodiversity (Second Edition)},
publisher = {Academic Press},
edition = {Second Edition},
address = {Waltham},
pages = {662-677},
year = {2001},
isbn = {978-0-12-384720-1},
doi = {https://doi.org/10.1016/B978-0-12-384719-5.00065-4},
url = {https://www.sciencedirect.com/science/article/pii/B9780123847195000654},
author = {Eviatar Nevo},
keywords = {Electrophoresis, Enigma, Genetic diversity, Genomics, Molecular evolution},
abstract = {Genetic diversity (i.e., molecular hereditary differences within or between populations) is the basis of evolutionary change. The nature of genetic diversity among organisms has always been the basic problem of evolutionary genetics as well as of domestication, agriculture, and medicine. However, despite its cardinal role in evolutionary theory and application, the maintenance of genetic diversity remains largely enigmatic, notwithstanding the dramatic discoveries of molecular biology, which revealed abundant genetic diversity in nature.}
}

@article{huntley2007evolutionary,
  title={Evolutionary analysis of amino acid repeats across the genomes of 12 Drosophila species},
  author={Huntley, Melanie A and Clark, Andrew G},
  journal={Molecular Biology and Evolution},
  volume={24},
  number={12},
  pages={2598--2609},
  year={2007},
  publisher={Oxford University Press}
}

@article{haerty2010genome,
  title={Genome-wide evidence for selection acting on single amino acid repeats},
  author={Haerty, Wilfried and Golding, G Brian},
  journal={Genome Research},
  volume={20},
  number={6},
  pages={755--760},
  year={2010},
  publisher={Cold Spring Harbor Lab}
}

@article{mularoni2007highly,
  title={Highly constrained proteins contain an unexpectedly large number of amino acid tandem repeats},
  author={Mularoni, Loris and Veitia, Reiner A and Alb{\`a}, M Mar},
  journal={Genomics},
  volume={89},
  number={3},
  pages={316--325},
  year={2007},
  publisher={Elsevier}
}

@article{laurin2022jump,
  title={Jump-Chain Simulation of Markov Substitution Processes Over Phylogenies},
  author={Laurin-Lemay, Simon and Dickson, Kassandra and Rodrigue, Nicolas},
  journal={Journal of Molecular Evolution},
  pages={1--5},
  year={2022},
  publisher={Springer}
}

@article{wu2015estimation,
  title={Estimation of evolutionary parameters using short, random and partial sequences from mixed samples of anonymous individuals},
  author={Wu, Steven H and Rodrigo, Allen G},
  journal={BMC Bioinformatics},
  volume={16},
  number={1},
  pages={1--12},
  year={2015},
  publisher={Springer}
}

@article{sunnaaker2013approximate,
  title={Approximate bayesian computation},
  author={Sunn{\aa}ker, Mikael and Busetto, Alberto Giovanni and Numminen, Elina and Corander, Jukka and Foll, Matthieu and Dessimoz, Christophe},
  journal={PLoS Computational Biology},
  volume={9},
  number={1},
  pages={e1002803},
  year={2013},
  publisher={Public Library of Science San Francisco, USA}
}

@article{marjoram2003markov,
  title={Markov chain Monte Carlo without likelihoods},
  author={Marjoram, Paul and Molitor, John and Plagnol, Vincent and Tavar{\'e}, Simon},
  journal={Proceedings of the National Academy of Sciences},
  volume={100},
  number={26},
  pages={15324--15328},
  year={2003},
  publisher={National Acad Sciences}
}

@article{liepe2010abc,
  title={ABC-SysBio—approximate Bayesian computation in Python with GPU support},
  author={Liepe, Juliane and Barnes, Chris and Cule, Erika and Erguler, Kamil and Kirk, Paul and Toni, Tina and Stumpf, Michael PH},
  journal={Bioinformatics},
  volume={26},
  number={14},
  pages={1797--1799},
  year={2010},
  publisher={Oxford University Press}
}

@article{warren1997polyalanine,
  title={Polyalanine expansion in synpolydactyly might result from unequal crossing-over of HOXD13},
  author={Warren, Stephen T and Muragaki, Yasuteru and Mundlos, Stefan and Upton, Joseph and Olsen, Bjorn R},
  journal={Science},
  volume={275},
  number={5298},
  pages={408--409},
  year={1997},
  publisher={American Association for the Advancement of Science}
}

@incollection{sehn2015insertions,
  title={Insertions and deletions (indels)},
  author={Sehn, Jennifer K},
  booktitle={Clinical genomics},
  pages={129--150},
  year={2015},
  publisher={Elsevier}
}
