@article{brown1989situated,
  title={Situated cognition and the culture of learning},
  author={Brown, John Seely and Collins, Allan and Duguid, Paul},
  journal={1989},
  volume={18},
  number={1},
  pages={32--42},
  year={1989}
}

@article{jan2016game,
  title={What is game-based learning? Past, present, and future},
  author={Jan, Mingfong and Gaydos, Matthew},
  journal={Educational Technology},
  pages={6--11},
  year={2016},
  publisher={JSTOR}
}

@article{coller2009effectiveness,
  title={Effectiveness of using a video game to teach a course in mechanical engineering},
  author={Coller, Brianno D and Scott, Michael J},
  journal={Computers \& Education},
  volume={53},
  number={3},
  pages={900--912},
  year={2009},
  publisher={Elsevier}
}

@article{fishman2014empowering,
  title={Empowering educators: Supporting student progress in the classroom with digital games},
  author={Fishman, B and Riconscente, M and Snider, R and Tsai, T and Plass, J},
  journal={Ann Arbor, MI: University of Michigan. Retrieved from http://gamesandlearning. umich. edu/agames},
  year={2014}
}

@article{coller2009effectiveness,
  title={Effectiveness of using a video game to teach a course in mechanical engineering},
  author={Coller, Brianno D and Scott, Michael J},
  journal={Computers \& Education},
  volume={53},
  number={3},
  pages={900--912},
  year={2009},
  publisher={Elsevier}
}

@article{tomavska2022let,
  title={Let's bring games into university classrooms: Specifically adapted games could greatly enhance teaching in higher education},
  author={Tom{\'a}{\v{s}}ka, L'ubom{\'\i}r},
  journal={EMBO reports},
  volume={23},
  number={11},
  pages={e55730},
  year={2022}
}


@article{molin2017role,
  title={The role of the teacher in game-based learning: A review and outlook},
  author={Molin, Gerhard},
  journal={Serious Games and Edutainment Applications: Volume II},
  pages={649--674},
  year={2017},
  publisher={Springer}
}


@article{mayer2010adding,
  title={Adding instructional features that promote learning in a game-like environment},
  author={Mayer, Richard E and Johnson, Cheryl I},
  journal={Journal of Educational Computing Research},
  volume={42},
  number={3},
  pages={241--265},
  year={2010},
  publisher={SAGE Publications Sage CA: Los Angeles, CA}
}

@article{lister2015gamification,
  title={Gamification: The effect on student motivation and performance at the post-secondary level},
  author={Lister, Meaghan},
  journal={Issues and Trends in Educational Technology},
  volume={3},
  number={2},
  year={2015},
  publisher={University of Arizona Libraries}
}


