@article{kindergartencurriculum,
  title={The Kindergarten Program},
  author={{Ontario Ministry of Education}},
  year={2016}
}

@article{vygotsky1967play,
  title={Play and its role in the mental development of the child},
  author={Vygotsky, Lev S},
  journal={Soviet psychology},
  volume={5},
  number={3},
  pages={6--18},
  year={1967},
  publisher={Taylor \& Francis}
}

@book{ball2012politics,
  title={Politics and policy making in education: Explorations in sociology},
  author={Ball, Stephen J},
  year={2012},
  publisher={Routledge}
}

@article{shore2010beyond,
  title={Beyond the multiversity: Neoliberalism and the rise of the schizophrenic university},
  author={Shore, Cris},
  journal={Social Anthropology/Anthropologie Sociale},
  volume={18},
  number={1},
  pages={15--29},
  year={2010},
  publisher={Berghahn Journals}
}

@article{leather2021pedagogy,
  title={A pedagogy of play: Reasons to be playful in postsecondary education},
  author={Leather, Mark and Harper, Nevin and Obee, Patricia},
  journal={Journal of Experiential Education},
  volume={44},
  number={3},
  pages={208--226},
  year={2021},
  publisher={SAGE Publications Sage CA: Los Angeles, CA}
}

@article{wood2013play,
  title={Play, Learning and the Early Childhood Curriculum: SAGE Publications},
  author={Wood, Elizabeth Ann},
  journal={Play, Learning and the Early Childhood Curriculum},
  pages={1--208},
  year={2013},
  publisher={SAGE Publications Ltd}
}

@book{reich2020failure,
  title={Failure to disrupt: Why technology alone can't transform education},
  author={Reich, Justin},
  year={2020},
  publisher={Harvard University Press}
}

@article{fishman2014empowering,
  title={Empowering educators: Supporting student progress in the classroom with digital games},
  author={Fishman, B and Riconscente, M and Snider, R and Tsai, T and Plass, J},
  journal={Ann Arbor, MI: University of Michigan. Retrieved from http://gamesandlearning. umich. edu/agames},
  year={2014}
}

@inproceedings{ruggiero2013video,
  title={Video games in the classroom: The teacher point of view},
  author={Ruggiero, Dana},
  booktitle={Games for Learning workshop of the Foundations of Digital Games conference, Chania, Greece},
  year={2013}
}

@article{foster2020principles,
  title={Principles for advancing game-based learning in teacher education},
  author={Foster, Aroutis and Shah, Mamta},
  journal={Journal of Digital Learning in Teacher Education},
  volume={36},
  number={2},
  pages={84--95},
  year={2020},
  publisher={Taylor \& Francis}
}

@article{prensky2001fun,
  title={Fun, play and games: What makes games engaging},
  author={Prensky, Marc},
  journal={Digital game-based learning},
  volume={5},
  number={1},
  pages={5--31},
  year={2001}
}

@book{mckeachie2013mckeachie,
  title={McKeachie's teaching tips},
  author={McKeachie, Wilbert and Svinicki, Marilla},
  year={2013},
  publisher={Cengage Learning}
}

@article{coller2009effectiveness,
  title={Effectiveness of using a video game to teach a course in mechanical engineering},
  author={Coller, Brianno D and Scott, Michael J},
  journal={Computers \& Education},
  volume={53},
  number={3},
  pages={900--912},
  year={2009},
  publisher={Elsevier}
}

@article{tomavska2022let,
  title={Let's bring games into university classrooms: Specifically adapted games could greatly enhance teaching in higher education},
  author={Tom{\'a}{\v{s}}ka, L'ubom{\'\i}r},
  journal={EMBO reports},
  volume={23},
  number={11},
  pages={e55730},
  year={2022}
}

@article{foss2013medication,
  title={Medication calculation: the potential role of digital game-based learning in nurse education},
  author={Foss, Brynjar and Mordt, Petter and Oftedal, Bj{\o}rg F and L{\o}kken, Atle and others},
  journal={CIN: Computers, Informatics, Nursing},
  volume={31},
  number={12},
  pages={589--593},
  year={2013},
  publisher={LWW}
}

@article{tahir2022blended,
  title={Blended learning in a biology classroom: Pre-pandemic insights for post-pandemic instructional strategies},
  author={Tahir, Irtaza and Van Mierlo, Victoria and Radauskas, Victoria and Yeung, Wayne and Tracey, Alastair and da Silva, Rosa},
  journal={FEBS Open bio},
  volume={12},
  number={7},
  pages={1286},
  year={2022},
  publisher={Wiley-Blackwell}
}

@article{jaaska2022teachers,
  title={Teachers’ experiences of using game-based learning methods in project management higher education},
  author={J{\"a}{\"a}sk{\"a}, Elina and Aaltonen, Kirsi},
  journal={Project Leadership and Society},
  volume={3},
  pages={100041},
  year={2022},
  publisher={Elsevier}
}

@article{molin2017role,
  title={The role of the teacher in game-based learning: A review and outlook},
  author={Molin, Gerhard},
  journal={Serious Games and Edutainment Applications: Volume II},
  pages={649--674},
  year={2017},
  publisher={Springer}
}

@article{chee2014facilitating,
  title={Facilitating dialog in the game-based learning classroom: Teacher challenges reconstructing professional identity},
  author={Chee, Yam San and Mehrotra, Swati and Ong, Jing Chuan},
  year={2014}
}

@article{jong2016teachers,
  title={Teachers' concerns about adopting constructivist online game-based learning in formal curriculum teaching: The VISOLE experience},
  author={Jong, Morris SY},
  journal={British Journal of Educational Technology},
  volume={47},
  number={4},
  pages={601--617},
  year={2016},
  publisher={Wiley Online Library}
}

@article{mayer2010adding,
  title={Adding instructional features that promote learning in a game-like environment},
  author={Mayer, Richard E and Johnson, Cheryl I},
  journal={Journal of Educational Computing Research},
  volume={42},
  number={3},
  pages={241--265},
  year={2010},
  publisher={SAGE Publications Sage CA: Los Angeles, CA}
}

@article{lister2015gamification,
  title={Gamification: The effect on student motivation and performance at the post-secondary level},
  author={Lister, Meaghan},
  journal={Issues and Trends in Educational Technology},
  volume={3},
  number={2},
  year={2015},
  publisher={University of Arizona Libraries}
}

@article{divjak2011impact,
  title={The impact of game-based learning on the achievement of learning goals and motivation for learning mathematics-literature review},
  author={Divjak, Bla{\v{z}}enka and Tomi{\'c}, Damir},
  journal={Journal of information and organizational sciences},
  volume={35},
  number={1},
  pages={15--30},
  year={2011},
  publisher={Fakultet organizacije i informatike Sveu{\v{c}}ili{\v{s}}ta u Zagrebu}
}

@article{tsirulnikov2023game,
  title={Game on: Immersive virtual laboratory simulation improves student learning outcomes \& motivation},
  author={Tsirulnikov, Danielle and Suart, Celeste and Abdullah, Ream and Vulcu, Felicia and Mullarkey, Caitlin E},
  journal={FEBS Open Bio},
  year={2023},
  publisher={Wiley Online Library}
}

@article{annetta2008video,
  title={Video games in education: Why they should be used and how they are being used},
  author={Annetta, Leonard A},
  journal={Theory into practice},
  volume={47},
  number={3},
  pages={229--239},
  year={2008},
  publisher={Taylor \& Francis}
}

@article{o2009garage,
  title={Garage demos: using physical models to illustrate dynamic aspects of microscopic biological processes},
  author={O'Dowd, Diane K and Aguilar-Roca, Nancy},
  journal={CBE—Life Sciences Education},
  volume={8},
  number={2},
  pages={118--122},
  year={2009},
  publisher={Am Soc Cell Biol}
}

@article{moravec2010learn,
  title={Learn before lecture: A strategy that improves learning outcomes in a large introductory biology class},
  author={Moravec, Marin and Williams, Adrienne and Aguilar-Roca, Nancy and O'Dowd, Diane K},
  journal={CBE—Life Sciences Education},
  volume={9},
  number={4},
  pages={473--481},
  year={2010},
  publisher={Am Soc Cell Biol}
}

@article{snow201026,
  title={26. Teaching Transdisciplinarity in a Discipline-Centred World},
  author={Snow, M Elizabeth and Salmon, Amy and Young, Richard},
  journal={Collected Essays on Learning and Teaching},
  volume={3},
  pages={159--165},
  year={2010}
}

@article{martin2020value,
  title={The Value of Collaborating with Undergraduate Students on an Interdisciplinary Project},
  author={Martin, Mackenzie and Eales, Jacquie and Fast, Janet and Florentino, Carlos and Strickfaden, Megan},
  journal={Journal of Student Research},
  volume={9},
  number={1},
  year={2020}
}

@article{beers2006common,
  title={Common ground, complex problems and decision making},
  author={Beers, Pieter J and Boshuizen, Henny PA and Kirschner, Paul A and Gijselaers, Wim H},
  journal={Group decision and negotiation},
  volume={15},
  pages={529--556},
  year={2006},
  publisher={Springer}
}

@article{choi2007multidisciplinarity,
  title={Multidisciplinarity, interdisciplinarity, and transdisciplinarity in health research, services, education and policy: 2. Promotors, barriers, and strategies of enhancement},
  author={Choi, Bernard CK and Pak, Anita WP},
  journal={Clinical and Investigative Medicine},
  pages={E224--E232},
  year={2007}
}

@book{fischer2005knowledge,
  title={Knowledge communication in design communities},
  author={Fischer, Gerhard and Ostwald, Jonathan},
  year={2005},
  publisher={Springer}
}

@article{massey2006crossing,
  title={Crossing fields: The case of a multi-disciplinary research team},
  author={Massey, Claire and Alpass, Fiona and Flett, Ross and Lewis, Kate and Morriss, Stuart and Sligo, Frank},
  journal={Qualitative Research},
  volume={6},
  number={2},
  pages={131--147},
  year={2006},
  publisher={Sage Publications London, Thousand Oaks, CA and New Delhi}
}

@article{stokols2005vivo,
  title={In vivo studies of transdisciplinary scientific collaboration: Lessons learned and implications for active living research},
  author={Stokols, Daniel and Harvey, Richard and Gress, Jennifer and Fuqua, Juliana and Phillips, Kimari},
  journal={American journal of preventive medicine},
  volume={28},
  number={2},
  pages={202--213},
  year={2005},
  publisher={Elsevier}
}

@article{bruusgaard2010we,
  title={" Are we all on the same page?": The Challenges and Charms of Collaboration on a Journey through Interdisciplinarity.},
  author={Bruusgaard, Emily and Pinto, Paula and Swindle, Jennifer and Yoshino, Satomi},
  journal={Graduate Journal of Social Science},
  volume={7},
  number={1},
  year={2010}
}

@book{gemmel2009comprehensive,
  title={A comprehensive framework for community service-learning in Canada},
  author={Gemmel, Lawrence J and Clayton, Patti H},
  year={2009},
  publisher={Canadian Alliance for Community Service-Learning Ottawa, ON}
}

@book{felten2014engaging,
  title={Engaging students as partners in learning and teaching: A guide for faculty},
  author={Felten, Peter and Cook-Sather, Alison and Bovill, Catherine},
  year={2014},
  publisher={John Wiley \& Sons}
}

@article{dunne2016design,
  title={Design thinking: A framework for student engagement? A personal view},
  author={Dunne, Elisabeth},
  journal={Journal of Educational Innovation, Partnership and Change},
  volume={2},
  number={1},
  pages={1--8},
  year={2016}
}

@article{mercer2017systematic,
  title={A systematic literature review of students as partners in higher education},
  author={Mercer-Mapstone, Lucy and Dvorakova, Sam Lucie and Matthews, Kelly E and Abbot, Sophia and Cheng, Breagh and Felten, Peter and Knorr, Kris and Marquis, Elizabeth and Shammas, Rafaella and Swaim, Kelly},
  journal={International Journal for Students as Partners},
  year={2017},
  publisher={McMaster University Library Press}
}

@article{bovill2020co,
  title={Co-creation in learning and teaching: the case for a whole-class approach in higher education},
  author={Bovill, Catherine},
  journal={Higher education},
  volume={79},
  number={6},
  pages={1023--1037},
  year={2020},
  publisher={Springer}
}


